@misc{reality_tech_what_2018,
	title = {What is {Augmented} {Reality} ({AR})? {Ultimate} {Guide} to {Augmented} {Reality} ({AR}) {Technology}},
	shorttitle = {What is {Augmented} {Reality} ({AR})?},
	url = {https://www.realitytechnologies.com/augmented-reality/},
	abstract = {We cover everything you need to know about augmented reality (AR) technology. Official definition with explanations, how AR works, AR categories, and more. Reality Technologies the internet's \#1 resource for augmented reality information.},
	language = {en-US},
	journal = {Reality Technologies},
	author = {{Reality Tech}},
	year = {2018},
	file = {Snapshot:/home/smuggler/Zotero/storage/CDFXJ88M/augmented-reality.html:text/html}
}
@misc{fate_ffmpeg_2018,
	title = {{FFmpeg} {Documentation}},
	url = {https://www.ffmpeg.org/documentation.html},
	urldate = {2018-11-02},
	author = {{FATE}},
	year = {2018},
	file = {Documentation:/home/smuggler/Zotero/storage/5KIRYE4X/documentation.html:text/html}
}
@misc{jain_know_2017,
	title = {Know the {Augmented} {Reality} {Technology}: {How} does {AR} {Work}?},
	shorttitle = {Know the {Augmented} {Reality} {Technology}},
	url = {https://www.newgenapps.com/blog/augmented-reality-technology-how-ar-works},
	abstract = {How does AR Work? Know the 3 technologies empowering the Augmented Reality technology and what devices support its usage.},
	language = {en-us},
	urldate = {2018-09-07},
	author = {Jain, Yogesh},
	month = nov,
	year = {2017},
	file = {Snapshot:/home/smuggler/Zotero/storage/IYE5HVDW/augmented-reality-technology-how-ar-works.html:text/html}
}
@misc{abishur_prakash_augmented_2018,
	title = {Augmented {Reality}, {Virtual} {Reality} {Converge} {With} {Robotics}},
	url = {https://www.roboticsbusinessreview.com/ai/augmented-reality-vr-converge-robotics/},
	abstract = {Augmented reality and virtual reality are finding themselves in applications alongside traditional robots, with usage in manufacturing, healthcare, and defense quickly growing.},
	urldate = {2018-09-07},
	journal = {Robotics Business Review},
	author = {{Abishur Prakash}},
	month = mar,
	year = {2018},
	file = {Snapshot:/home/smuggler/Zotero/storage/HBVNLTB9/augmented-reality-vr-converge-robotics.html:text/html}
}
@misc{team_t-34_2012,
	title = {T-34 {Tank} {Cutaway}},
	url = {https://www.howitworksdaily.com/t-34-tank-cutaway/},
	abstract = {How It Works},
	language = {en-GB},
	urldate = {2018-11-01},
	journal = {How It Works},
	author = {Team, How It Works},
	month = feb,
	year = {2012},
	file = {Snapshot:/home/smuggler/Zotero/storage/8ZE5WU9A/t-34-tank-cutaway.html:text/html}
}
@misc{steam_workshop_tanks_2018,
	title = {Tanks {VR} on {Steam}},
	url = {https://store.steampowered.com/app/636620/Tanks_VR/},
	abstract = {Tanks VR is a multiplayer VR tank simulator set in the events of World War II. Immerse yourself in engaging 5v5 battles with other players and see them react to your maneuvers. The intuitive controls allow you to operate a tank on your own. Pick a tank from your garage and use it to fight for the axis or allies.},
	language = {en},
	urldate = {2018-09-07},
	author = {{Steam Workshop}},
	year = {2018},
	file = {Snapshot:/home/smuggler/Zotero/storage/FBPQZ4VT/Tanks_VR.html:text/html}
}
@misc{mech-warfare_mech-warfare_2015,
	title = {Mech-{Warfare} {Rules}},
	url = {http://robogames.net/rules/mech-wars.php},
	urldate = {2018-09-07},
	author = {{Mech-Warfare}},
	year = {2015},
	file = {Mech-Warfare Rules:/home/smuggler/Zotero/storage/GGCFJ7C3/mech-wars.html:text/html}
}
@misc{smugglersmr_repository_2018,
	title = {Repository demonstrates an example of usage {Faster}-{RCNN}.: {SmugglerSMR}/{Faster}-{RCNN}-{InceptionV}2-{Video}-{Images}-{Processing}},
	shorttitle = {Repository demonstrates an example of usage {Faster}-{RCNN}.},
	url = {https://github.com/SmugglerSMR/Faster-RCNN-InceptionV2-Video-Images-Processing},
	urldate = {2018-11-02},
	author = {SmugglerSMR},
	month = oct,
	year = {2018},
	note = {original-date: 2018-10-14T13:04:30Z}
}
@article{sandino_estimation_nodate,
	title = {Estimation of animal size using {Ground} {Sampling} {Distance} ({GSD}) and {Field} of {View} ({FOV})},
	language = {en},
	author = {Sandino, Juan},
	pages = {10},
	year = {2018},
	file = {Sandino - Estimation of animal size using Ground Sampling Di.pdf:/home/smuggler/Zotero/storage/NTMGGLC5/Sandino - Estimation of animal size using Ground Sampling Di.pdf:application/pdf}
}
@misc{anuj_shah_tutorial_nodate,
	title = {A tutorial on implementing tensor flow object detection {API} with {Webcam}},
	url = {https://www.youtube.com/watch?v=MoMjIwGSFVQ},
	urldate = {2018-11-02},
	author = {{Anuj shah}},
	keywords = {Object detection, object detection real time, object recognition, object recognition real time, ssd, tensor flow object detection API}
}
@misc{noauthor_applications_2018,
	title = {Applications - {Keras} {Documentation}},
	url = {https://keras.io/applications/},
	urldate = {2018-11-02},
	year = {2018},
	file = {Applications - Keras Documentation:/home/smuggler/Zotero/storage/PKGCIZIP/applications.html:text/html}
}




@misc{vive_vive_2019,
	title = {{VIVE}™ {Australia} {\textbar} {Discover} {Virtual} {Reality} {Beyond} {Imagination}},
	url = {https://www.vive.com/au/},
	abstract = {VIVE is a first-of-its-kind virtual reality system. Let yourself be visually, physically and emotionally amazed by new virtual worlds.},
	language = {au},
	urldate = {2019-04-13},
	author = {VIVE},
	year = {2019},
	file = {Snapshot:C\:\\Users\\sadykov\\Zotero\\storage\\JP8W3IJV\\au.html:text/html}
}
@misc{raspberrypi_raspberry_2019,
	title = {Raspberry {Pi} 3 {Model} {B}+},
	url = {https://www.raspberrypi.org/products/raspberry-pi-3-model-b-plus/},
	abstract = {1.4GHz 64-bit quad-core processor, dual-band wireless LAN, Bluetooth 4.2/BLE, faster Ethernet, and Power-over-Ethernet support (with separate PoE HAT)},
	language = {en-GB},
	urldate = {2019-04-11},
	journal = {Raspberry Pi},
	author = {raspberrypi.org},
	year = {2019},
	file = {Snapshot:C\:\\Users\\sadykov\\Zotero\\storage\\MENXDMLA\\raspberry-pi-3-model-b-plus.html:text/html}
}
@misc{noauthor_cuda_2012,
	title = {{CUDA} {GPUs}},
	url = {https://developer.nvidia.com/cuda-gpus},
	abstract = {NVIDIA GPUs power millions of desktops, notebooks, workstations and supercomputers around the world, accelerating computationally-intensive tasks for consumers, professionals, scientists, and researchers. Find out all about CUDA and GPU Computing by attending our GPU Computing Webinars and joining our free-to-join NVIDIA Developer Program.},
	language = {en},
	urldate = {2019-04-13},
	journal = {NVIDIA Developer},
	month = jun,
	year = {2012},
	file = {Snapshot:C\:\\Users\\sadykov\\Zotero\\storage\\4C8T7AQY\\cuda-gpus.html:text/html}
}
@misc{asus_introduction_2017,
	title = {Introduction of {ROG} {RAMCache} {II}},
	url = {https://www.asus.com/support/FAQ/1032093/},
	language = {en},
	urldate = {2019-04-13},
	journal = {Official Support {\textbar} ASUS Global},
	author = {ASUS},
	month = mar,
	year = {2017},
	file = {Snapshot:C\:\\Users\\sadykov\\Zotero\\storage\\7CPI2ZC5\\1032093.html:text/html}
}
@misc{unity-technologies_unity_2019,
	title = {Unity {Machine} {Learning} {Agents} {Toolkit}. {Contribute} to {Unity}-{Technologies}/ml-agents development by creating an account on {GitHub}},
	copyright = {Apache-2.0},
	url = {https://github.com/Unity-Technologies/ml-agents},
	urldate = {2019-04-13},
	publisher = {Unity Technologies},
	author = {Unity-Technologies},
	month = apr,
	year = {2019},
	note = {original-date: 2017-09-08T21:09:04Z}
}
@misc{omq_pyzmq_2019,
	title = {{PyZMQ}:  {Python} bindings for zeromq. {Contribute} to zeromq/pyzmq development by creating an account on {GitHub}},
	copyright = {View license},
	shorttitle = {{PyZMQ}},
	url = {https://github.com/zeromq/pyzmq},
	urldate = {2019-04-13},
	publisher = {The ZeroMQ project},
	author = {ØMQ},
	month = apr,
	year = {2019},
	note = {original-date: 2010-07-21T07:20:37Z}
}
@misc{tensorflow_build_2019,
	title = {Build from source on {Windows} {\textbar} {TensorFlow}},
	url = {https://www.tensorflow.org/install/source_windows},
	language = {en},
	urldate = {2019-04-11},
	author = {Tensorflow},
	year = {2019},
	file = {Snapshot:C\:\\Users\\sadykov\\Zotero\\storage\\A4ZZNTRE\\source_windows.html:text/html}
}